@INPROCEEDINGS{Hyun2016Form,
author={N. P. Hyun and P. A. Vela and E. I. Verriest},
booktitle={American Control Conference (ACC)},
title={Collision free and permutation invariant formation control using the root locus principle},
year={2016},
volume={},
number={},
pages={2572-2577},
doi={10.1109/ACC.2016.7525304},
ISSN={},
month={July},}

@INPROCEEDINGS{Colombo2017cdc,
author={A. Bloch and M. Camarinha and L. Colombo},
booktitle={2017 IEEE 56th Annual Conference on Decision and Control (CDC)},
title={Variational obstacle avoidance problem on riemannian manifolds},
year={2017},
volume={},
number={},
pages={145-150},
doi={10.1109/CDC.2017.8263657},
month={Dec},}

@ARTICLE{Hyun2017Lp,
author={N. P. Hyun and P. A. Vela and E. I. Verriest},
journal={IEEE Robotics and Automation Letters},
title={A New Framework for Optimal Path Planning of Rectangular Robots Using a Weighted $L_p$ Norm},
year={2017},
volume={2},
number={3},
pages={1460-1465},
doi={10.1109/LRA.2017.2673858},
ISSN={2377-3766},
month={July},}
@article{bunic2012potential,
  title={Potential Function Based Multi-Agent Formation Control in 3D Space},
  author={Bunic, Marko and Bogdan, Stjepan},
  journal={IFAC Proceedings Volumes},
  volume={45},
  number={22},
  pages={682--689},
  year={2012},
  publisher={Elsevier}
}
@article{oh2015survey,
  title={A survey of multi-agent formation control},
  author={Oh, Kwang-Kyo and Park, Myoung-Chul and Ahn, Hyo-Sung},
  journal={Automatica},
  volume={53},
  pages={424--440},
  year={2015},
  publisher={Elsevier}
}
@article{yoshioka2008formation,
  title={Formation control of nonholonomic multi-vehicle systems based on virtual structure},
  author={Yoshioka, Chika and Namerikawa, Toru},
  journal={IFAC Proceedings Volumes},
  volume={41},
  number={2},
  pages={5149--5154},
  year={2008},
  publisher={Elsevier}
}

@article{kim1992real,
  title={Real-time obstacle avoidance using harmonic potential functions},
  author={Kim, J-O and Khosla, Pradeep K},
  journal={IEEE Transactions on Robotics and Automation},
  volume={8},
  number={3},
  pages={338--349},
  year={1992},
  publisher={IEEE}
}
@inproceedings{waydo2003vehicle,
  title={Vehicle motion planning using stream functions},
  author={Waydo, Stephen and Murray, Richard M},
  booktitle={Robotics and Automation, 2003. Proceedings. ICRA'03. IEEE International Conference on},
  volume={2},
  pages={2484--2491},
  year={2003},
  organization={IEEE}
}

@inproceedings{Hyun2015,
	Author = {Nakseung P. Hyun and Verriest, E. and Vela, P.},
	Booktitle = {To appear in Decision and Control, Proceedings of the 54th IEEE Conference on},
	Title = {Optimal obstacle avoidance trajectory generation using the root locus principle},
	Year = {2015}}
	
@article{weimerskirch2001energy,
  title={Energy saving in flight formation},
  author={Weimerskirch, Henri and Martin, Julien and Clerquin, Yannick and Alexandre, Peggy and Jiraskova, Sarka},
  journal={Nature},
  volume={413},
  number={6857},
  pages={697--698},
  year={2001},
  publisher={Nature Publishing Group}
}
@article{kuhn1955hungarian,
  title={The Hungarian method for the assignment problem},
  author={Kuhn, Harold W},
  journal={Naval research logistics quarterly},
  volume={2},
  number={1-2},
  pages={83--97},
  year={1955},
  publisher={Wiley Online Library}
}
@article{bertsekas1992auction,
  title={Auction algorithms for network flow problems: A tutorial introduction},
  author={Bertsekas, Dimitri P},
  journal={Computational Optimization and Applications},
  volume={1},
  number={1},
  pages={7--66},
  year={1992},
  publisher={Springer}
}
@inproceedings{zavlanos2008distributed,
  title={A distributed auction algorithm for the assignment problem},
  author={Zavlanos, Michael M and Spesivtsev, Leonid and Pappas, George J},
  booktitle={Decision and Control, 2008. CDC 2008. 47th IEEE Conference on},
  pages={1212--1217},
  year={2008},
  organization={IEEE}
}
@inproceedings{khany2013decentralized,
  title={A decentralized algorithm for the preferred assignment problem in multi-agent systems},
  author={Khany, Usman and Karz, Soummya and others},
  booktitle={Control Conference (ECC), 2013 European},
  pages={766--771},
  year={2013},
  organization={IEEE}
}




@article{olfati2007consensus,
  title={Consensus and cooperation in networked multi-agent systems},
  author={Olfati-Saber, Reza and Fax, Alex and Murray, Richard M},
  journal={Proceedings of the IEEE},
  volume={95},
  number={1},
  pages={215--233},
  year={2007},
  publisher={IEEE}
}
@article{chen2010review,
  title={A review of the applications of agent technology in traffic and transportation systems},
  author={Chen, Bo and Cheng, Harry H},
  journal={Intelligent Transportation Systems, IEEE Transactions on},
  volume={11},
  number={2},
  pages={485--497},
  year={2010},
  publisher={IEEE}
}

@book{wasserman1994social,
  title={Social network analysis: Methods and applications},
  author={Wasserman, Stanley and Faust, Katherine},
  volume={8},
  year={1994},
  publisher={Cambridge university press}
}

@book{mesbahi2010graph,
  title={Graph theoretic methods in multiagent networks},
  author={Mesbahi, Mehran and Egerstedt, Magnus},
  year={2010},
  publisher={Princeton University Press}
}

@article{ji2006role,
  title={Role-assignment in multi-agent coordination},
  author={Ji, Meng and Azuma, Shun-ichi and Egerstedt, Magnus B},
	volume={7},
  number={1},
  pages={32--40},
  year={2006},
	journal={International Journal of Assistive Robotics and Mechatronics},
  publisher={Georgia Institute of Technology}
}
@article{kloder2006path,
  title={Path planning for permutation-invariant multirobot formations},
  author={Kloder, Stephen and Hutchinson, Seth},
  journal={Robotics, IEEE Transactions on},
  volume={22},
  number={4},
  pages={650--665},
  year={2006},
  publisher={IEEE}
}
@article{zavlanos2008dynamical,
  title={A dynamical systems approach to weighted graph matching},
  author={Zavlanos, Michael M and Pappas, George J},
  journal={Automatica},
  volume={44},
  number={11},
  pages={2817--2824},
  year={2008},
  publisher={Elsevier}
}
@inproceedings{zavlanos2007distributed,
  title={Distributed formation control with permutation symmetries},
  author={Zavlanos, Michael M and Pappas, George J},
  booktitle={Decision and Control, 2007 46th IEEE Conference on},
  pages={2894--2899},
  year={2007},
  organization={IEEE}
}

@incollection{turpin2013trajectory,
  title={Trajectory planning and assignment in multirobot systems},
  author={Turpin, Matthew and Michael, Nathan and Kumar, Vijay},
  booktitle={Algorithmic foundations of robotics X},
  pages={175--190},
  year={2013},
  publisher={Springer}
}
@inproceedings{turpin2013goal,
  title={Goal Assignment and Trajectory Planning for Large Teams of Aerial Robots.},
  author={Turpin, Matthew and Mohta, Kartik and Michael, Nathan and Kumar, Vijay},
  booktitle={Robotics: Science and Systems},
  year={2013}
}
@article{solovey2015motion,
  title={Motion Planning for Unlabeled Discs with Optimality Guarantees},
  author={Solovey, Kiril and Yu, Jingjin and Zamir, Or and Halperin, Dan},
  journal={arXiv preprint arXiv:1504.05218},
  year={2015}
}
@inproceedings{landi1995reciprocal,
  title={Reciprocal root locus approach to path planning for multiple mobile robots},
  author={Landi, A and Paoletti, F},
  booktitle={Emerging Technologies and Factory Automation, Proceedings of the INRIA/IEEE Symposium on},
  volume={2},
  pages={345--352},
  year={1995},
  organization={IEEE}
}
@article{harris1987shorter,
  title={Shorter notes: The roots of a polynomial vary continuously as a function of the coefficients},
  author={Harris, Gary and Martin, Clyde},
  journal={Proceedings of the American Mathematical Society},
  pages={390--392},
  year={1987},
  publisher={JSTOR}
}

@article{marcus1959linear,
  title={Linear transformations on algebras of matrices: The invariance of the elementary symmetric functions},
  author={Marcus, Marvin and Purves, Roger},
  journal={Canad. J. Math},
  volume={11},
  pages={383--396},
  year={1959}
}

